@inproceedings{RCNN,
  Author = {Girshick, Ross and Donahue, Jeff and Darrell, Trevor and Malik, Jitendra},
  Title = {Rich feature hierarchies for accurate object detection and semantic segmentation},
  Booktitle = {Computer Vision and Pattern Recognition},
  Year = {2014}
}

@inproceedings{FasterRCNN,
  Author = {Shaoqing Ren and Kaiming He and Ross Girshick and Jian Sun},
  Title = {Faster {R-CNN}: Towards Real-Time Object Detection
           with Region Proposal Networks},
  Booktitle = {Advances in Neural Information Processing Systems ({NIPS})},
  Year = {2015}
}

@article {Vatic,
 author = {Vondrick, Carl and Patterson, Donald and Ramanan, Deva},
 affiliation = {Department of Computer Science, UC Irvine, Irvine, USA},
 title = {Efficiently Scaling up Crowdsourced Video Annotation},
 journal = {International Journal of Computer Vision},
 publisher = {Springer Netherlands},
 issn = {0920-5691},
 keyword = {Computer Science},
 pages = {1-21},
 url = {http://dx.doi.org/10.1007/s11263-012-0564-1},
 note = {10.1007/s11263-012-0564-1},
}

@inproceedings{LabelMe,
  author = {B. Russell and A. Torralba and K. Murphy and W. T. Freeman},
  Title = {LabelMe: a database and web-based tool for image annotation},
  Booktitle = {International Journal of Computer Vision},
  Year = {2007}
}

@article{YouTube-8M,
  author    = {Sami Abu{-}El{-}Haija and
               Nisarg Kothari and
               Joonseok Lee and
               Paul Natsev and
               George Toderici and
               Balakrishnan Varadarajan and
               Sudheendra Vijayanarasimhan},
  title     = {YouTube-8M: {A} Large-Scale Video Classification Benchmark},
  journal   = {CoRR},
  volume    = {abs/1609.08675},
  year      = {2016},
  url       = {http://arxiv.org/abs/1609.08675},
  timestamp = {Mon, 03 Oct 2016 17:51:10 +0200},
  biburl    = {http://dblp.uni-trier.de/rec/bib/journals/corr/Abu-El-HaijaKLN16},
  bibsource = {dblp computer science bibliography, http://dblp.org}
}

@inproceedings{KITTI,
  author = {Andreas Geiger and Philip Lenz and Raquel Urtasun},
  title = {Are we ready for Autonomous Driving? The KITTI Vision Benchmark Suite},
  booktitle = {Conference on Computer Vision and Pattern Recognition (CVPR)},
  year = {2012}
}

@article{opl,
  author = {Kurt Keutzer and Tim Mattson},
  title = {Our Pattern Language (OPL): A design Pattern Language for Engineering (Parallel) Software},
  year = {2009}
}

@inproceedings{virat,
  author = {Sangmin Oh and Anthony Hoogs and Amitha Perera and Naresh Cuntoor and Chia-Chih Chen and Jong Taek Lee and Saurajit Mukherjee and J.K. Aggarwal and Hyungtae Lee and Larry Davis and Eran Swears and Xiaoyang Wang and Qiang Ji and Kishore Reddy and Mubarak Shah and Carl Vondrick and Hamed Pirsiavash and Deva Ramanan and Jenny Yuen and Antonio Torralba and Bi Song and Anesco Fong and Amit Roy-Chowdhury and and Mita Desai},
  title = {A Large-scale Benchmark Dataset for Event Recognition in Surveillance Video},
  booktitle = {IEEE Comptuer Vision and Pattern Recognition (CVPR)},
  year = {2011}
}

@inproceedings{firecaffe,
  title = {FireCaffe: near-linear acceleration of deep neural network training on compute clusters},
  author = {Forrest N. Iandola and Khalid Ashraf and Matthew W. Moskewicz and and Kurt Keutzer},
  booktitle = {Computer Vision and Pattern Recognition (CVPR)},
  year = {2016}
}

@article{road-obj-detection,
  author    = {Khalid Ashraf and
               Bichen Wu and
               Forrest N. Iandola and
               Matthew W. Moskewicz and
               Kurt Keutzer},
  title     = {Shallow Networks for High-Accuracy Road Object-Detection},
  journal   = {CoRR},
  volume    = {abs/1606.01561},
  year      = {2016},
  url       = {http://arxiv.org/abs/1606.01561},
  timestamp = {Sun, 03 Jul 2016 16:05:34 +0200},
  biburl    = {http://dblp.uni-trier.de/rec/bib/journals/corr/AshrafWIMK16},
  bibsource = {dblp computer science bibliography, http://dblp.org}
}

@article{logos,
  author    = {Forrest N. Iandola and
               Anting Shen and
               Peter Gao and
               Kurt Keutzer},
  title     = {DeepLogo: Hitting Logo Recognition with the Deep Neural Network Hammer},
  journal   = {CoRR},
  volume    = {abs/1510.02131},
  year      = {2015},
  url       = {http://arxiv.org/abs/1510.02131},
  timestamp = {Sun, 01 Nov 2015 17:30:45 +0100},
  biburl    = {http://dblp.uni-trier.de/rec/bib/journals/corr/IandolaSGK15},
  bibsource = {dblp computer science bibliography, http://dblp.org}
}
